<record><leader>00000cas a22000007a 4500</leader><controlfield tag="001">36654280</controlfield><controlfield tag="008">970331d194119uuncuwr ne      0    0eng d</controlfield><datafield ind1=" " ind2=" " tag="010"><subfield code="a">sn 97064515 </subfield></datafield><datafield ind1=" " ind2=" " tag="040"><subfield code="a">NVJ</subfield><subfield code="b">eng</subfield><subfield code="c">NVJ</subfield><subfield code="d">OCLCQ</subfield></datafield><datafield ind1=" " ind2=" " tag="042"><subfield code="a">msc</subfield></datafield><datafield ind1="0" ind2=" " tag="130"><subfield code="a">Democrat (Greensboro, N.C.)</subfield></datafield><datafield ind1="1" ind2="4" tag="245"><subfield code="a">The Democrat.</subfield></datafield><datafield ind1=" " ind2=" " tag="260"><subfield code="a">Greensboro, N.C. :</subfield><subfield code="b">Southern Publishers</subfield></datafield><datafield ind1=" " ind2=" " tag="300"><subfield code="a">v.</subfield></datafield><datafield ind1=" " ind2=" " tag="310"><subfield code="a">Weekly</subfield></datafield><datafield ind1="0" ind2=" " tag="362"><subfield code="a">Vol. 1, no. 1 (Apr. 17, 1941)-</subfield></datafield><datafield ind1=" " ind2=" " tag="752"><subfield code="a">United States</subfield><subfield code="b">North Carolina</subfield><subfield code="c">Guilford</subfield><subfield code="d">Greensboro.</subfield></datafield></record>